@ARTICLE{2000ApJ...531...95B,
   author = {{Bunker}, A.~J. and {Moustakas}, L.~A. and {Davis}, M.},
    title = "{Resolving the Stellar Populations in a z=4 Lensed Galaxy}",
  journal = {\apj},
   eprint = {arXiv:astro-ph/9909476},
 keywords = {GALAXIES: EVOLUTION, GALAXIES: FORMATION, GALAXIES: PHOTOMETRY, GALAXIES: STELLAR CONTENT, COSMOLOGY: GRAVITATIONAL LENSING, INFRARED: GALAXIES},
     year = 2000,
    month = mar,
   volume = 531,
    pages = {95-117},
      doi = {10.1086/308432},
   adsurl = {http://adsabs.harvard.edu/abs/2000ApJ...531...95B},
  adsnote = {Provided by the SAO/NASA Astrophysics Data System}
}

@ARTICLE{2010ApJ...723.1678C,
   author = {{Coe}, D. and {Ben{\'{\i}}tez}, N. and {Broadhurst}, T. and 
	{Moustakas}, L.~A.},
    title = "{A High-resolution Mass Map of Galaxy Cluster Substructure: LensPerfect Analysis of A1689}",
  journal = {\apj},
archivePrefix = "arXiv",
   eprint = {1005.0398},
 primaryClass = "astro-ph.CO",
 keywords = {dark matter, galaxies: clusters: general, galaxies: clusters: individual: A1689, gravitational lensing: strong, gravitational lensing: weak, methods: data analysis},
     year = 2010,
    month = nov,
   volume = 723,
    pages = {1678-1702},
      doi = {10.1088/0004-637X/723/2/1678},
   adsurl = {http://adsabs.harvard.edu/abs/2010ApJ...723.1678C},
  adsnote = {Provided by the SAO/NASA Astrophysics Data System}
}


@ARTICLE{2010MNRAS.401.1657L,
   author = {{Lemoine-Busserolle}, M. and {Bunker}, A. and {Lamareille}, F. and 
	{Kissler-Patig}, M.},
    title = "{2D kinematics and physical properties of z \~{} 3 star-forming galaxies}",
  journal = {\mnras},
archivePrefix = "arXiv",
   eprint = {0909.1386},
 primaryClass = "astro-ph.CO",
 keywords = {instrumentation: adaptive optics, galaxies: evolution, galaxies: formation, galaxies: high-redshift, galaxies: kinematics and dynamics, galaxies: starburst},
     year = 2010,
    month = jan,
   volume = 401,
    pages = {1657-1669},
      doi = {10.1111/j.1365-2966.2009.15807.x},
   adsurl = {http://adsabs.harvard.edu/abs/2010MNRAS.401.1657L},
  adsnote = {Provided by the SAO/NASA Astrophysics Data System}
}

@ARTICLE{2009ApJ...700..376F,
   author = {{Finkelstein}, S.~L. and {Papovich}, C. and {Rudnick}, G. and 
	{Egami}, E. and {Le Floc'h}, E. and {Rieke}, M.~J. and {Rigby}, J.~R. and 
	{Willmer}, C.~N.~A.},
    title = "{Turning Back the Clock: Inferring the History of the Eight O'clock Arc}",
  journal = {\apj},
archivePrefix = "arXiv",
   eprint = {0905.1122},
 primaryClass = "astro-ph.CO",
 keywords = {galaxies: high-redshift, galaxies: ISM, galaxies: starburst},
     year = 2009,
    month = jul,
   volume = 700,
    pages = {376-386},
      doi = {10.1088/0004-637X/700/1/376},
   adsurl = {http://adsabs.harvard.edu/abs/2009ApJ...700..376F},
  adsnote = {Provided by the SAO/NASA Astrophysics Data System}
}

@ARTICLE{2008ApJ...677...37O,
   author = {{Overzier}, R.~A. and {Heckman}, T.~M. and {Kauffmann}, G. and 
	{Seibert}, M. and {Rich}, R.~M. and {Basu-Zych}, A. and {Lotz}, J. and 
	{Aloisi}, A. and {Charlot}, S. and {Hoopes}, C. and {Martin}, D.~C. and 
	{Schiminovich}, D. and {Madore}, B.},
    title = "{Hubble Space Telescope Morphologies of Local Lyman Break Galaxy Analogs. I. Evidence for Starbursts Triggered by Merging}",
  journal = {\apj},
archivePrefix = "arXiv",
   eprint = {0709.3304},
 keywords = {Cosmology: Observations, Cosmology: Early Universe, Galaxies: High-Redshift, Galaxies: Starburst},
     year = 2008,
    month = apr,
   volume = 677,
    pages = {37-62},
      doi = {10.1086/529134},
   adsurl = {http://adsabs.harvard.edu/abs/2008ApJ...677...37O},
  adsnote = {Provided by the SAO/NASA Astrophysics Data System}
}

@ARTICLE{2006A&A...457...91E,
   author = {{Eliche-Moral}, M.~C. and {Balcells}, M. and {Aguerri}, J.~A.~L. and 
	{Gonz{\'a}lez-Garc{\'{\i}}a}, A.~C.},
    title = "{Growth of galactic bulges by mergers. II. Low-density satellites}",
  journal = {\aap},
   eprint = {arXiv:astro-ph/0606751},
 keywords = {galaxies: evolution, galaxies: interactions, galaxies: kinematics and dynamics, galaxies: nuclei, galaxies: structure , methods: N-body simulations},
     year = 2006,
    month = oct,
   volume = 457,
    pages = {91-108},
      doi = {10.1051/0004-6361:20065394},
   adsurl = {http://adsabs.harvard.edu/abs/2006A%26A...457...91E},
  adsnote = {Provided by the SAO/NASA Astrophysics Data System}
}

@ARTICLE{2006MNRAS.365..496M,
   author = {{M{\"o}ller}, O. and {Noordermeer}, E.},
    title = "{The kinematical structure of gravitationally lensed arcs}",
  journal = {\mnras},
   eprint = {arXiv:astro-ph/0511189},
 keywords = {gravitational lensing, techniques: interferometric, galaxies: high-redshift, galaxies: kinematics and dynamics, dark matter},
     year = 2006,
    month = jan,
   volume = 365,
    pages = {496-508},
      doi = {10.1111/j.1365-2966.2005.09726.x},
   adsurl = {http://adsabs.harvard.edu/abs/2006MNRAS.365..496M},
  adsnote = {Provided by the SAO/NASA Astrophysics Data System}
}

@ARTICLE{2007ApJ...671.1196M,
   author = {{Marshall}, P.~J. and {Treu}, T. and {Melbourne}, J. and {Gavazzi}, R. and 
	{Bundy}, K. and {Ammons}, S.~M. and {Bolton}, A.~S. and {Burles}, S. and 
	{Larkin}, J.~E. and {Le Mignant}, D. and {Koo}, D.~C. and {Koopmans}, L.~V.~E. and 
	{Max}, C.~E. and {Moustakas}, L.~A. and {Steinbring}, E. and 
	{Wright}, S.~A.},
    title = "{Superresolving Distant Galaxies with Gravitational Telescopes: Keck Laser Guide Star Adaptive Optics and Hubble Space Telescope Imaging of the Lens System SDSS J0737+3216}",
  journal = {\apj},
archivePrefix = "arXiv",
   eprint = {0710.0637},
 keywords = {Galaxies: Fundamental Parameters, Cosmology: Gravitational Lensing, Instrumentation: Adaptive Optics, Methods: Data Analysis, Techniques: High Anular Resolution},
     year = 2007,
    month = dec,
   volume = 671,
    pages = {1196-1211},
      doi = {10.1086/523091},
   adsurl = {http://adsabs.harvard.edu/abs/2007ApJ...671.1196M},
  adsnote = {Provided by the SAO/NASA Astrophysics Data System}
}


@ARTICLE{Bell:00,
   author = {{Bell}, E.~F. and {de Jong}, R.~S.},
    title = "{The stellar populations of spiral galaxies}",
  journal = {\mnras},
   eprint = {arXiv:astro-ph/9909402},
 keywords = {GALAXIES: ABUNDANCES, GALAXIES: EVOLUTION, GALAXIES: GENERAL, GALAXIES: SPIRAL, GALAXIES: STELLAR CONTENT, GALAXIES: STRUCTURE},
     year = 2000,
    month = mar,
   volume = 312,
    pages = {497-520},
      doi = {10.1046/j.1365-8711.2000.03138.x},
   adsurl = {http://adsabs.harvard.edu/abs/2000MNRAS.312..497B},
  adsnote = {Provided by the SAO/NASA Astrophysics Data System}
}

@ARTICLE{Ivezic:08,
   author = {{Ivezi{\'c}}, {\v Z}. and others},
    title = "{The Milky Way Tomography with SDSS. II. Stellar Metallicity}",
  journal = {\apj},
archivePrefix = "arXiv",
   eprint = {0804.3850},
 keywords = {Galaxy: Halo, Galaxy: Kinematics and Dynamics, Galaxy: Stellar Content, Galaxy: Structure, Methods: Data Analysis, Stars: Statistics},
     year = 2008,
    month = sep,
   volume = 684,
    pages = {287-325},
      doi = {10.1086/589678},
   adsurl = {http://adsabs.harvard.edu/abs/2008ApJ...684..287I},
  adsnote = {Provided by the SAO/NASA Astrophysics Data System}
}

@ARTICLE{Zaritsky:94, 
   author = {{Zaritsky}, D. and {Kennicutt}, Jr., R.~C. and {Huchra}, J.~P.
	},
    title = "{H II regions and the abundance properties of spiral galaxies}",
  journal = {\apj},
 keywords = {ABUNDANCE, H II REGIONS, IRREGULAR GALAXIES, OXYGEN, SPIRAL GALAXIES, DISK GALAXIES, EMISSION SPECTRA, METALLICITY, STELLAR LUMINOSITY},
     year = 1994,
    month = jan,
   volume = 420,
    pages = {87-109},
      doi = {10.1086/173544},
   adsurl = {http://adsabs.harvard.edu/abs/1994ApJ...420...87Z},
  adsnote = {Provided by the SAO/NASA Astrophysics Data System}
}
